<?xml version="1.0" encoding="UTF-8"?><collection xmlns="http://www.loc.gov/MARC21/slim"><record><leader>00479nam--2200169-i-4500</leader><controlfield tag="001">000030503</controlfield><controlfield tag="002">20161230</controlfield><controlfield tag="005">20161230201038</controlfield><controlfield tag="008">060222s1000------------r-----000-0-eng-d</controlfield><datafield ind1=" " ind2=" " tag="040"><subfield code="a">IFIN-HH</subfield></datafield><datafield ind1=" " ind2=" " tag="080"><subfield code="a">539.19:539.21:519.876.5</subfield></datafield><datafield ind1="1" ind2=" " tag="100"><subfield code="a">Lyklema, Jans Wijbe</subfield></datafield><datafield ind1="1" ind2="0" tag="245"><subfield code="a">Computer simulations of a rough sphere fluid</subfield><subfield code="b">Dissertation</subfield><subfield code="c">Jans wijbe lyklema</subfield></datafield><datafield ind1=" " ind2=" " tag="260"><subfield code="a">Delft</subfield><subfield code="b">University Press</subfield><subfield code="c">1978</subfield></datafield><datafield ind1=" " ind2=" " tag="300"><subfield code="a">103P</subfield></datafield><datafield ind1=" " ind2=" " tag="852"><subfield code="a">48551</subfield><subfield code="c">539.19</subfield></datafield><datafield ind1=" " ind2=" " tag="CAT"><subfield code="a">Sys</subfield><subfield code="c">20120716</subfield><subfield code="h">172833</subfield></datafield></record></collection>